@article{Cantrill:2006,
 author = {Cantrill, Bryan},
 title = {Hidden in Plain Sight},
 journal = {Queue},
 issue_date = {February 2006},
 volume = {4},
 number = {1},
 month = feb,
 year = {2006},
 issn = {1542-7730},
 pages = {26--36},
 numpages = {11},
 url = {http://doi.acm.org/10.1145/1117389.1117401},
 doi = {10.1145/1117389.1117401},
 acmid = {1117401},
 publisher = {ACM},
 address = {New York, NY, USA},
}

@inproceedings{cantrill2004dynamic,
  title={Dynamic Instrumentation of Production Systems.},
  author={Cantrill, Bryan and Shapiro, Michael W and Leventhal, Adam H and others},
  year= {2004},
  series={USENIX Annual Technical Conference, General Track}
}

@book{gregg2013systems,
  title={Systems Performance: Enterprise and the Cloud},
  author={Gregg, Brendan},
  year={2013},
  publisher={Pearson Education}
}

@book{gregg2011dtrace,
  title={DTrace: Dynamic Tracing in Oracle Solaris, Mac OS X, and FreeBSD},
  author={Gregg, Brendan and Mauro, Jim},
  year={2011},
  publisher={Prentice Hall Professional}
}

@manual{dtracemanual,
  title        = {DTrace Guide for Oracle Solaris 11},
  author       = {Oracle Corporation},
  organization = {Oracle Corporation},
  year         = {2012},
  url          = {http://docs.oracle.com/cd/E23824_01/pdf/E22973.pdf}
}
